@techreport{DepartmentofPhysics2020,
author = {{Department of Physics}},
institution = {University of Oslo},
title = {{Project 1 - Computational Physics I FYS3150/FYS4150}},
url = {https://compphysics.github.io/ComputationalPhysics/doc/Projects/2020/Project1/pdf/Project1.pdf},
year = {2020}
}

@book{Hjorth-Jensen2015,
address = {Oslo},
author = {Hjorth-Jensen, M.},
publisher = {Department of Physics, University of Oslo},
title = {{Computational Physics Lecture Notes Fall 2015}},
url = {https://github.com/CompPhysics/ComputationalPhysics/blob/master/doc/Lectures/lectures2015.pdf},
year = {2015}
}

@techreport{Hjorth-Jensen2018,
address = {Oslo},
author = {Hjorth-Jensen, M.},
institution = {Department of Physics, University of Oslo},
title = {{Computational Physics Lectures: Linear Algebra methods}},
url = {https://compphysics.github.io/ComputationalPhysics/doc/pub/linalg/pdf/linalg-print.pdf},
year = {2018}
}
